@misc{RFP,
	title={{Canada's Next Generation Robotics - Request for Proposal}},
	author={MacDonald Dettwiler and Associates},
	year={2015}
}

@misc{FAA,
	author = {Federal Aviation Administration},
	title = {{The Space Environment}},
	howpublished = {\url{https://www.faa.gov/other_visit/aviation_industry/designees_delegations/designee_types/ame/media/Section\%20III.4.1.2\%20The\%20Space\%20Environment.pdf}},
	note = {Accessed: 2015/09/22}
}

@misc{ULA,
	author={F.Zegler and B. Kutter},
	title={{Evolving to a Depot-Based Space Transportation Architecture}},
	year={2010}
}

@article{CADR1,
	author={Garry Lindberg},
	title={{Canadarm and its U of A Connections}},
	journal={U of A Engineer Magazine (University of Alberta)},
	year={},
	volume={}
}

@misc{moonfacts,
	author = {National Aeronautics and Space Administration},
	title = {{Moon Fact Sheet}},
	howpublished = {\url{http://nssdc.gsfc.nasa.gov/planetary/factsheet/moonfact.html}},
	note = {Accessed: 2015/09/22}
}

@misc{mars,
	author = {MarsNew.com},
	title = {{The Planet Mars}},
	howpublished = {\url{http://marsnews.com/the-planet-mars}},
	note = {Accessed: 2015/09/22}
}

@article{rob_sys,
	author={National Aeronautics and Space Administration},
	number={TA 4},
	title={{Robotics and Autonomous Systems}},
	year={2015}
}

@article{safety_issues,
	author={Milos Vasic and Aude Billard},
	title={{Safety Issues in Human-Robot Interactions}},
	year={2013}
}

@article{ISS_ass,
	author={National Aeronautics and Space Administration},
	title={{Space Station Assembly}},
	year={2013}
}

@misc{MDA_Carm2,
	author={MacDonald Dettwiler and Associates},
	title={{Canadarm2 End Effector}},
	howpublished = {\url{http://is.mdacorporation.com/mdais_canada/Offerings/Offerings_Canadarm2lee.aspx}},
	year={2012}
	note = {Accessed: 2015/09/22}
}

@misc{IEEE_Carm,
	author={MacDonald Dettwiler and Associates},
	title={{The Shuttle Remote Manipulator System - The Canadarm}},
	howpublished = {\url{http://www.ieee.ca/millennium/canadarm/canadarm_technical.html}},
	note = {Accessed: 2015/09/22}
}